% This file was created with Citavi 6.1.0.0

@inproceedings{ijcai2019,
  title     = {A Survey of Reinforcement Learning Informed by Natural Language},
  author    = {Luketina, Jelena and Nardelli, Nantas and Farquhar, Gregory and Foerster, Jakob and Andreas, Jacob and Grefenstette, Edward and Whiteson, Shimon and Rocktäschel, Tim},
  booktitle = {Proceedings of the Twenty-Eighth International Joint Conference on
               Artificial Intelligence, {IJCAI-19}},
  publisher = {International Joint Conferences on Artificial Intelligence Organization},             
  pages     = {6309--6317},
  year      = {2019},
  month     = {7}
}

@inproceedings{madureira2020,
  title     = {An Overview of Natural Language State Representation for Reinforcement Learning},
  author    = {Madureira, Brielen and Schlangen, David},
    year      = {2020},
  archivePrefix = {arXiv},
  eprint = {2007.09774},
 primaryClass = {quant-ph}
}

@article{alphago,
 author = {Silver, David and Huang, Aja and Maddison, Chris and Guez, Arthur and Sifre, Laurent and van den Driessche, George and Schrittwieser, Julian and Antonoglou, Ioannis and Panneershelvam, Veda and Lanctot, Marc and Dieleman, Sander and Grewe, Dominik and Nham, John and Kalchbrenner, Nal and Sutskever, Ilya and Lillicrap, Timothy and Leach, Madeleine and Kavukcuoglu, Koray and Graepel, Thore and Hassabis, Demis},
 year = {2016},
 title = {Mastering the game of Go with deep neural networks and tree search},
 volume = {529},
 pages= {484-489}
 journal = {Nature},
}







@mastersthesis{Verachtert2017,
 author = {L. Verachtert},
 year = {2017},
 title = {A stylometric approach to detecting schizophrenia from writing},
 school={University of Antwerp},
 address={Belgium}
}

@article{Frog,
title = {An efficient memory-based morphosyntactic tagger and parser for Dutch},
author = {A. Bosch and W. Daelemans and G. J. Busser and S. Canisius},
year = {2007},
editor = {F. van Eynde and  P. Dirix and I. Schuurman and V. Vandeghinste},
address = {Leuven, Belgium},
pages = {99-114},
booktitle = {Selected Papers of the 17th Computational Linguistics in the Netherlands Meeting}
}

@article{Grieve,
 author = {J. Grieve and I. Clarke and E. Chiang and H. Gideon and A. Heini and A. Nini and E. Waibel},
 year = {2018},
 title = {Attributing the Bixby Letter using n-gram tracing},
 volume = {16},
 journal = {Digital Scholarship in the Humanities},
}


@article{Mota2017,
author = {N. Mota and M. Copelli and S. Ribeiro},
year = {2017},
title = {Thought disorder measured as random speech structure classifies negative symptoms and schizophrenia diagnosis 6 months in advance},
volume = {3},
journal = {npj Schizophrenia},
}

@article{Mota2012,
author = {N. Mota and N. Vasconcelos and N. Lemos and A. Pieretti and O. Kinouchi and G. Cecchi and M. Copelli and S. Ribeiro},
year = {2012},
title = {Speech Graphs Provide a Quantitative Measure of Thought Disorder in Psychosis},
volume = {7},
journal = {PloS one},
}

@article{LanginSchizo1,
author = {G. Kuperberg},
year = {2010},
pages = {576-589},
title = {Language in Schizophrenia Part 1: An Introduction},
volume = {4},
journal = {Language and linguistics compass},
}


@article{Manschreck,
author = {T. C. Manschreck and B. A. Maher and J. E. Rosenthal and J. Berner},
year = {1991},
pages = {35-41},
title = {Reduced primacy and related features in schizophrenia},
volume = {5},
journal = {Schizophrenia Research},
}

@article{Han,
author = {S. D. Han, and P. Nestor and M. Shenton and M. Niznikiewicz and G. Hannah and R. McCarley},
year = {2003},
month = {07},
pages = {255-63},
title = {Associative memory in chronic schizophrenia: A computational model},
volume = {61},
journal = {Schizophrenia research},
}

@article{Elvevag2007,
author = {B. Elvevåg and P. Foltz and D. Weinberger and T. Goldberg},
year = {2007},
month = {08},
pages = {304-16},
title = {Elvevåg B, Foltz PW, Weinberger DR, Goldberg TE. Quantifying incoherence in speech: an automated methodology and novel application to schizophrenia},
volume = {93},
journal = {Schizophrenia research},
}

@article{Sanders,
author = {L. Sanders and J. Adams and H. Tager-Flusberg and M. Shenton},
year = {1995},
month = {09},
pages = {325-338},
title = {A comparison of clinical and linguistic indices of deviance in the verbal discourse of schizophrenia},
volume = {16},
journal = {Applied Psycholinguistics},
}













@book{BirdKleinLoper09,
  author = {Steven Bird and Ewan Klein and Edward Loper},
  title = {{Natural Language Processing with Python}},
  publisher = {O'Reilly Media},
  year = 2009
}

@article{Boyd.2015,
 author = {Boyd, Ryan L. and Pennebaker, James W.},
 year = {2015},
 title = {Did Shakespeare write double falsehood? Identifying individuals by creating psychological signatures with text analysis},
 pages = {570--582},
 volume = {26},
 number = {5},
 journal = {Psychological science},
}


@article{Davies.2007,
 author = {Archer, Dawn and Rayson, Paul and Baron, Alistair and Culpeper, Jonathan and Smith, Nicholas Ross},
 year = {2007},
 title = {Tagging the Bard:~Evaluating the Accuracy of a Modern POS~Tagger on Early Modern English Corpora},
 publisher = {Lancaster  EPrint: Lancaster University}
}


@article{Diederich.2003,
 author = {Diederich, Joachim and Kindermann, J{\"o}rg and Leopold, Edda and Paass, Gerhard},
 year = {2003},
 title = {Authorship Attribution with Support Vector Machines},
 pages = {109--123},
 volume = {19},
 number = {1-2},
 journal = {Applied Intelligence}
}


@misc{Fox.2012,
 author = {Fox, Neal and Ehmoda, Omran and Charniak, Eugene},
 year = {2012},
 title = {Statistical Stylometrics and the Marlowe-Shakespeare Authorship Debate},
 url = {http://cs.brown.edu/research/pubs/theses/masters/2012/ehmoda.pdf},
 urldate = {11.01.2019}
}

@book{Taylor.2014,
 author = {Taylor, Gary and Lavagnino, John},
 year = {2014},
 title = {Thomas Middleton and Early Modern Textual Culture},
 publisher = {Oxford University Press: Oxford}
}



@InProceedings{honnibal-johnson:2015:EMNLP,
  author    = {Honnibal, Matthew  and  Johnson, Mark},
  title     = {An Improved Non-monotonic Transition System for Dependency Parsing},
  booktitle = {Proceedings of the 2015 Conference on Empirical Methods in Natural Language Processing},
  month     = {September},
  year      = {2015},
  address   = {Lisbon, Portugal},
  publisher = {Association for Computational Linguistics},
  pages     = {1373--1378},
  url       = {https://aclweb.org/anthology/D/D15/D15-1162}
}

@article{Mendenhall.1901,
 author = {Mendenhall, Thomas Corwin},
 year = {1901},
 title = {A mechanical solution of a literary problem.},
 pages = {98--105},
 volume = {60},
 journal = {The Popular Science Monthly},
}

@inproceedings{mckinney2010data,
  title={Data structures for statistical computing in python},
  author={McKinney, Wes and others},
  booktitle={Proceedings of the 9th Python in Science Conference},
  volume={445},
  pages={51--56},
  year={2010},
  organization={Austin, TX}
}

@book{oliphant2006guide, 
  title={A guide to NumPy}, 
  author={Oliphant, Travis E}, 
  volume={1}, 
  year={2006}, 
  publisher={Trelgol Publishing USA} 
}

@article{Pinsken.2008,
 author = {Pinsken, Daryl},
 year = {2008},
 title = {Marlowe’s Ghost: The Blacklisting of the Man Who Was Shakespeare.},
 pages = {55},
 volume = {60},
 journal = {iUniverse},
}

@article{scikit-learn,
 title={Scikit-learn: Machine Learning in {P}ython},
 author={Pedregosa, F. and Varoquaux, G. and Gramfort, A. and Michel, V.
         and Thirion, B. and Grisel, O. and Blondel, M. and Prettenhofer, P.
         and Weiss, R. and Dubourg, V. and Vanderplas, J. and Passos, A. and
         Cournapeau, D. and Brucher, M. and Perrot, M. and Duchesnay, E.},
 journal={Journal of Machine Learning Research},
 volume={12},
 pages={2825--2830},
 year={2011}
}

@article{Stamatatos.2009,
 author = {Stamatatos, Efstathios},
 year = {2009},
 title = {A survey of modern authorship attribution methods},
 pages = {538--556},
 volume = {60},
 number = {3},
 journal = {Journal of the American Society for Information Science and Technology},
}


@article{SudheepElayidom.2013,
 author = {{Sudheep Elayidom}, M. and Jose, Chinchu and Puthussery, Anitta and {K Sasi}, Neenu},
 year = {2013},
 title = {Text Classification for Authorship Attribution Analysis},
 pages = {1--10},
 volume = {4},
 number = {5},
 journal = {Advanced Computing: An International Journal},
}


@article{Zheng.2006,
 author = {Zheng, Rong and Li, Jiexun and Chen, Hsinchun and Huang, Zan},
 year = {2006},
 title = {A Framework for Authorship Identification of online Messages: Writing-style features and classification techniques},
 pages = {378--393},
 volume = {57},
 number = {3},
 journal = {Journal of the American Society for Information Science and Technology},
}

@article{Schmid,
 author = {Schmid Helmut and Laws, Florian},
 year = {2008},
 title = {Estimation of Conditional Probabilities With Decision Trees and an
Application to Fine-Grained POS Tagging},
 pages = {777--784},
 volume = {57},
 number = {3},
 journal = {Coling 2008 Organizing Committee: Manchester, UK},
}


